@IEEEtranBSTCTL{IEEEexample:BSTcontrol,
  CTLuse_forced_etal       = "yes",
  CTLmax_names_forced_etal = "10",
  CTLnames_show_etal       = "9",
  CTLuse_url               = "no",
}